@article{calkaUniversalHighPerformance1991,
  title = {Universal High Performance Ball-Milling Device and Its Application for Mechanical Alloying},
  author = {Calka, A and Radlinski, A.P},
  date = {1991-03},
  journaltitle = {Materials Science and Engineering: A},
  volume = {134},
  pages = {1350--1353},
  issn = {09215093},
  doi = {10/dkwp9q},
  url = {https://linkinghub.elsevier.com/retrieve/pii/092150939190989Z},
  urldate = {2023-08-12},
  langid = {english}
}

@article{harringaEffectsVialShape1992,
  title = {Effects of Vial Shape on the Rate of Mechanical Alloying in {{Si}}₈₀{{Ge}}₂₀},
  author = {Harringa, J. L. and Cook, B. A. and Beaudry, B. J.},
  date = {1992-02},
  journaltitle = {J Mater Sci},
  volume = {27},
  number = {3},
  pages = {801--804},
  issn = {0022-2461, 1573-4803},
  doi = {10/dx2s3p},
  url = {http://link.springer.com/10.1007/BF02403899},
  urldate = {2023-08-12},
  langid = {english}
}

@article{suryanarayanaDoesDisorderedGTiAl1995,
  title = {Does a Disordered γ-{{TiAl}} Phase Exist in Mechanically Alloyed {{TiAl}} Powders?},
  author = {Suryanarayana, C.},
  date = {1995-01},
  journaltitle = {Intermetallics},
  volume = {3},
  number = {2},
  pages = {153--160},
  issn = {09669795},
  doi = {10/c7z4dp},
  url = {https://linkinghub.elsevier.com/retrieve/pii/096697959592680X},
  urldate = {2023-08-12},
  langid = {english}
}
